<record><leader>00000cas a2200000 a 4500</leader><controlfield tag="001">11986756</controlfield><controlfield tag="008">850501d18811916ndudn ne      0   a0eng  </controlfield><datafield ind1=" " ind2=" " tag="010"><subfield code="a">sn 85042242 </subfield></datafield><datafield ind1=" " ind2=" " tag="040"><subfield code="a">DLC</subfield><subfield code="b">eng</subfield><subfield code="c">DLC</subfield><subfield code="d">NPY</subfield><subfield code="d">DLC</subfield><subfield code="d">NOP</subfield><subfield code="d">DLC</subfield><subfield code="d">CUI</subfield><subfield code="d">OCLCQ</subfield><subfield code="d">DLC</subfield><subfield code="d">OCLCF</subfield></datafield><datafield ind1="0" ind2=" " tag="022"><subfield code="a">2330-5924</subfield><subfield code="2">1</subfield></datafield><datafield ind1="1" ind2=" " tag="029"><subfield code="a">AU@</subfield><subfield code="b">000020379903</subfield></datafield><datafield ind1=" " ind2=" " tag="042"><subfield code="a">pcc</subfield><subfield code="a">nsdp</subfield></datafield><datafield ind1=" " ind2=" " tag="043"><subfield code="a">n-us-nd</subfield></datafield><datafield ind1="0" ind2="0" tag="050"><subfield code="a">Newspaper</subfield></datafield><datafield ind1="0" ind2="0" tag="082"><subfield code="a">071</subfield><subfield code="2">23</subfield></datafield><datafield ind1=" " ind2="0" tag="222"><subfield code="a">Bismarck daily tribune</subfield><subfield code="b">(Print)</subfield></datafield><datafield ind1="0" ind2="0" tag="245"><subfield code="a">Bismarck daily tribune.</subfield></datafield><datafield ind1=" " ind2=" " tag="260"><subfield code="a">Bismarck, Dakota [N.D.] :</subfield><subfield code="b">Lounsberry &amp; Jewell</subfield></datafield><datafield ind1=" " ind2=" " tag="300"><subfield code="a">v. :</subfield><subfield code="b">ill. ;</subfield><subfield code="c">57 cm.</subfield></datafield><datafield ind1=" " ind2=" " tag="310"><subfield code="a">Daily (except Monday)</subfield></datafield><datafield ind1="1" ind2=" " tag="362"><subfield code="a">Began Apr. 18, 1881.</subfield></datafield><datafield ind1="0" ind2=" " tag="362"><subfield code="a">-v. 36, no. 280 (Nov. 20, 1916).</subfield></datafield><datafield ind1=" " ind2=" " tag="530"><subfield code="a">Available on microfilm from the State Historical Society of North Dakota, and the Library of Congress, Photoduplication Service.</subfield></datafield><datafield ind1=" " ind2=" " tag="530"><subfield code="a">Archived issues are available in digital format as part of the Library of Congress Chronicling America online collection.</subfield></datafield><datafield ind1=" " ind2=" " tag="580"><subfield code="a">Weekly eds. : Bismarck tribune (Bismarck, N.D. : 1878), 1881-1884, and: Bismarck weekly tribune (Bismarck, N.D. : 1884), 1884-1916.</subfield></datafield><datafield ind1=" " ind2=" " tag="588"><subfield code="a">Description based on: Vol. 8, no. 37 (Sept. 5, 1883).</subfield></datafield><datafield ind1=" " ind2="0" tag="651"><subfield code="a">Bismarck (N.D.)</subfield><subfield code="v">Newspapers.</subfield></datafield><datafield ind1=" " ind2="7" tag="655"><subfield code="a">Newspapers.</subfield><subfield code="2">fast</subfield><subfield code="0">(OCoLC)fst01423814</subfield></datafield><datafield ind1=" " ind2="7" tag="651"><subfield code="a">North Dakota</subfield><subfield code="z">Bismarck.</subfield><subfield code="2">fast</subfield><subfield code="0">(OCoLC)fst01206574</subfield></datafield><datafield ind1=" " ind2=" " tag="752"><subfield code="a">United States</subfield><subfield code="b">North Dakota</subfield><subfield code="c">Burleigh</subfield><subfield code="d">Bismarck.</subfield></datafield><datafield ind1="1" ind2=" " tag="775"><subfield code="t">Bismarck tribune (Bismarck, N.D. : 1878)</subfield><subfield code="x">2330-6009</subfield><subfield code="w">(DLC)sn 85042331</subfield><subfield code="w">(OCoLC)12195565</subfield></datafield><datafield ind1="1" ind2=" " tag="775"><subfield code="t">Bismarck weekly tribune (Bismarck, N.D. : 1884)</subfield><subfield code="x">2330-6041</subfield><subfield code="w">(DLC)sn 85042588</subfield><subfield code="w">(OCoLC)12660125</subfield></datafield><datafield ind1="0" ind2="8" tag="776"><subfield code="i">Online version:</subfield><subfield code="t">Bismarck daily tribune (Online)</subfield><subfield code="x">2330-5932</subfield><subfield code="w">(DLC)  2013218925</subfield><subfield code="w">(OCoLC)586060490</subfield></datafield><datafield ind1="0" ind2="0" tag="780"><subfield code="t">Bismarck tri-weekly tribune</subfield><subfield code="x">2330-5800</subfield><subfield code="w">(DLC)sn 84022128</subfield><subfield code="w">(OCoLC)10314980</subfield></datafield><datafield ind1="0" ind2="0" tag="785"><subfield code="t">Bismarck tribune (Bismarck, N.D. : 1916)</subfield><subfield code="x">2330-5967</subfield><subfield code="w">(DLC)sn 85042243</subfield><subfield code="w">(OCoLC)11987205</subfield></datafield><datafield ind1="4" ind2="1" tag="856"><subfield code="u">http://chroniclingamerica.loc.gov/lccn/sn85042242/issues</subfield></datafield></record>